3301 5176
789 1021 1515 1104 MONITUM
1619 1021 2319 1103 LECTORI.

556 1522 1053 1595 CATENAM
1108 1524 1181 1592 in
1235 1522 1328 1592 D.
1367 1521 1570 1592 Pauli
1625 1522 1765 1614 Ep.
1818 1524 1906 1591 ad
1962 1522 2319 1592 Romanos
2371 1524 2558 1592 edidi
2615 1548 2653 1591 e

455 1638 630 1709 Cod.
667 1638 1056 1709 Bodleiano
1111 1638 1195 1707 E.
1234 1638 1333 1707 II.
1365 1644 1483 1707 20.
1532 1640 1652 1730 qui
1705 1638 2116 1708 chartaceus
2169 1648 2297 1717 est,
2327 1639 2528 1707 form.
2582 1641 2651 1706 in

452 1759 556 1824 4⁰.
594 1778 635 1825 e
665 1753 830 1825 MS.
867 1756 1261 1847 antiquiore
1297 1754 1673 1835 GaditanO,
1701 1764 1783 1822 ut
1826 1755 2126 1837 videtur,
2161 1777 2203 1823 a
2237 1755 2284 1822 J
2289 1779 2351 1823 o.
2380 1755 2656 1846 Lluyclo

451 1872 602 1943 An.
643 1870 856 1942 1601.
893 1873 1306 1963 descriptus,
1413 1870 1633 1939 Hunc
1683 1869 1872 1951 olim,
1909 1881 1991 1939 ut
2037 1871 2300 1961 opinor,
2342 1870 2658 1939 Lascaris

457 1989 769 2080 quidam,
806 1989 954 2058 sive
980 1987 1510 2067 Constantinus,
1541 1988 1691 2056 sive
1727 1985 1906 2056 alius
1941 1987 2091 2077 ejus
2124 1987 2376 2077 stirpis,
2415 2009 2656 2055 secum

454 2104 529 2173 in
580 2103 865 2175 Italiam
908 2128 950 2173 e
984 2104 1267 2174 Graecia
1317 2103 1732 2173 adduxerat.
1823 2102 2042 2193 Cujus
2093 2103 2281 2184 facti,
2318 2102 2451 2171 hoc
2492 2101 2658 2193 Epi-

453 2242 771 2312 gramma
804 2221 878 2289 in
913 2219 1168 2289 ultima
1201 2219 1362 2289 libri
1397 2220 1652 2312 pagiua
1687 2229 2081 2300 exalatum,
2116 2219 2326 2287 fidem
2367 2218 2555 2287 facit.

629 2383 932 2463 Λάσκαρις
963 2384 1276 2460 ἀλλοδαπῇ
1304 2382 1445 2467 γαίῃ
1480 2382 1570 2443 ἐνὶ
1601 2380 1866 2453 κάτθετο,
1901 2382 2079 2461 γαίην

712 2485 836 2547 οὔτι
865 2485 1005 2563 λίην
1035 2486 1255 2562 ξείνην,
1287 2480 1332 2544 ὦ
1363 2482 1517 2560 ξένε,
1548 2484 1947 2563 μεμφόμενος.

629 2588 834 2667 εὕρατο
864 2590 1188 2669 μειλιχίην·
1235 2583 1371 2650 ἀλλ’
1404 2587 1674 2667 ἄχθεται,
1705 2587 1868 2667 εἴπερ
1897 2586 2164 2669 Ἀχαίοις

712 2689 916 2769 μηδέτι
943 2696 1094 2773 χοῦν
1122 2691 1289 2772 χεύει
1318 2689 1525 2770 πατρὶς
1556 2689 1914 2771 ἐλευθέριον.

626 3653 819 3722 Ξεΐνε,
853 3651 1119 3725 Λάκαιν’,
1155 3653 1248 3715 ὑπ’
1286 3655 1414 3732 ἐμοὶ
1442 3652 1705 3718 Ῥάλλου
1735 3655 1954 3735 πατρὸς
1983 3656 2018 3734 ἡ
2049 3658 2437 3737 προφυγοῦσα

708 3757 1076 3834 δουλοσύνην
1107 3757 1349 3837 πάτρας,
1377 3757 1562 3836 ἦλθεν
1594 3761 1656 3824 ἐς
1684 3756 1965 3834 Ἰταλίην·

620 3854 813 3939 μήτρῳ
844 3857 1182 3936 πειθομένη,
1218 3858 1284 3923 ὃς
1312 3858 1476 3936 ζεῦξέ
1505 3886 1607 3938 μιν
1640 3858 1806 3939 ἀνέρι
1839 3861 2074 3943 κλεινῷ.

706 3964 830 4024 τοῖς
869 3962 963 4022 καὶ
995 3964 1215 4040 κόσμος
1245 3962 1349 4039 ἔην
1378 3967 1506 4026 ταῖς
1539 3964 1709 4026 ἰδίαις
1740 3963 1994 4040 ἀρεταῖς.

623 4056 918 4127 Ἑλλάδος
949 4061 1085 4124 ἀλλ’
1119 4063 1266 4140 ὀλοὴ
1299 4065 1631 4143 Κατερίναν
1662 4066 2018 4144 προῦφθασε
2047 4071 2242 4143 μοῖρα,

708 4162 852 4239 τῆλέ
882 4189 1011 4244 περ,
1046 4162 1163 4227 οὐδ’
1198 4162 1419 4244 ὥκτειρ’
1456 4165 1669 4246 ἔγκυον
1703 4167 1836 4227 οὔτε
1868 4166 2028 4243 νέην.

442 4330 725 4401 Catena
775 4341 1016 4403 autem
1064 4336 1237 4417 haec,
1275 4358 1487 4427 quam
1531 4337 1864 4404 eximiam
1904 4360 2060 4406 esse
2110 4347 2182 4405 et
2218 4339 2461 4407 multis
2514 4340 2665 4408 aliis

438 4446 583 4516 hoc
616 4450 907 4517 nomine
942 4451 1469 4541 praeferendam,
1509 4453 1696 4544 quod
1736 4452 2240 4544 plerorumque
2273 4454 2661 4523 Doctorum

436 4562 857 4634 testimonia
893 4588 984 4634 ex
1019 4567 1295 4658 scriptis
1325 4591 1466 4636 non
1504 4569 1714 4637 editis
1752 4569 2172 4660 deprompta
2206 4571 2366 4648 siut,
2392 4569 2662 4654 judica-
